<?xml version="1.0" encoding="UTF-8"?><collection xmlns="http://www.loc.gov/MARC21/slim"><record><leader>00357nam--2200121-i-4500</leader><controlfield tag="001">000026464</controlfield><controlfield tag="002">20161230</controlfield><controlfield tag="005">20161230201036</controlfield><controlfield tag="008">060222s1000------------r-----000-0-eng-d</controlfield><datafield ind1=" " ind2=" " tag="080"><subfield code="a">526.951.8:338.04</subfield></datafield><datafield ind1=" " ind2=" " tag="245"><subfield code="a">Instructiuni 168-62 pentru verificarea mirelor de nivelment cu banda d invar</subfield></datafield><datafield ind1=" " ind2=" " tag="260"><subfield code="a">Bucuresti, Ed.De Stat Pt.Imprimate, 1963. 7p</subfield></datafield><datafield ind1=" " ind2=" " tag="852"><subfield code="a">8871</subfield></datafield></record></collection>